%% This BibTeX bibliography file was created using BibDesk.
%% http://bibdesk.sourceforge.net/

%% Created for Jakob Borg at 2020-03-20 11:31:59 +0100 


%% Saved with string encoding Unicode (UTF-8) 



@webpage{gsl-doc,
	Date-Added = {2020-03-19 17:26:23 +0100},
	Date-Modified = {2020-03-19 17:28:48 +0100},
	Keywords = {GSL Documentation},
	Lastchecked = {19th},
	Month = {March},
	Title = {{GSL Documentation}},
	Url = {https://www.gnu.org/software/gsl/doc/html/ode-initval.html},
	Year = {2020}}

@book{Dodelson,
	Author = {Scott Dodelson},
	Date-Added = {2020-03-16 18:03:51 +0100},
	Date-Modified = {2020-03-16 18:06:15 +0100},
	Edition = {First},
	Editor = {Jeremy Hayhurst},
	Publisher = {Academic press},
	Title = {Modern {Cosmology}},
	Year = {2003}}

@unpublished{milestone1,
	Author = {Jakob Borg},
	Date-Added = {2020-03-15 18:37:06 +0100},
	Date-Modified = {2020-03-16 16:31:30 +0100},
	Month = {March},
	Note = {Github link to the report included as URL},
	Title = {Milestone 1 - {The} {Background} {Cosmology}},
	Url = {https://github.com/Lilleborg/AST5220-Cosmology2/blob/master/Numerical_projects/Milestone1/tex/milestone1_jakobbor.pdf},
	Year = {2020},
	Bdsk-Url-1 = {https://github.com/Lilleborg/AST5220-Cosmology2/blob/master/Numerical_projects/Milestone1/tex/milestone1_jakobbor.pdf}}
