%% This BibTeX bibliography file was created using BibDesk.
%% http://bibdesk.sourceforge.net/

%% Created for Jakob Borg at 2020-04-25 17:23:53 +0200 


%% Saved with string encoding Unicode (UTF-8) 



@webpage{gsl-doc,
	Date-Added = {2020-04-25 17:23:52 +0200},
	Date-Modified = {2020-04-25 17:23:52 +0200},
	Keywords = {GSL Documentation},
	Lastchecked = {19th},
	Month = {March},
	Title = {{GSL Documentation}},
	Url = {https://www.gnu.org/software/gsl/doc/html/ode-initval.html},
	Year = {2020},
	Bdsk-Url-1 = {https://www.gnu.org/software/gsl/doc/html/ode-initval.html}}

@unpublished{milestone2,
	Author = {Jakob Borg},
	Date-Added = {2020-04-25 17:20:27 +0200},
	Date-Modified = {2020-04-25 17:23:16 +0200},
	Month = {March},
	Note = {Github link to the report included as URL},
	Title = {Milestone 2 - {The} {Recombination} {History}},
	Url = {https://github.com/Lilleborg/AST5220-Cosmology2/blob/master/Numerical_projects/Milestone2/tex/jakobbor_Milestone2.pdf},
	Year = {2020},
	Bdsk-Url-1 = {https://github.com/Lilleborg/AST5220-Cosmology2/blob/master/Numerical_projects/Milestone1/tex/milestone1_jakobbor.pdf}}

@unpublished{milestone3,
	Author = {Jakob Borg},
	Date-Added = {2020-04-25 17:20:27 +0200},
	Date-Modified = {2020-04-25 17:23:16 +0200},
	Month = {March},
	Note = {Github link to the report included as URL},
	Title = {Milestone 3 - {The} {Evolution} of {Structure} in the {Universe}},
	Url = {https://github.com/Lilleborg/AST5220-Cosmology2/blob/master/Numerical_projects/Milestone3/tex/jakobbor_milestone3.pdf},
	Year = {2020},
	Bdsk-Url-1 = {https://github.com/Lilleborg/AST5220-Cosmology2/blob/master/Numerical_projects/Milestone3/tex/jakobbor_milestone3.pdf}}

@webpage{project_description,
	Date-Added = {2020-04-25 17:17:08 +0200},
	Date-Modified = {2020-04-25 17:20:10 +0200},
	Lastchecked = {25. April 2020},
	Month = {April},
	Title = {Project Description},
	Url = {http://folk.uio.no/hansw/AST5220/notes/milestone3.html},
	Year = {2020},
	Bdsk-Url-1 = {http://folk.uio.no/hansw/AST5220/notes/milestone2.html#Testing}}

@unpublished{milestone1,
	Author = {Jakob Borg},
	Date-Added = {2020-04-25 17:16:04 +0200},
	Date-Modified = {2020-04-25 17:16:04 +0200},
	Month = {March},
	Note = {Github link to the report included as URL},
	Title = {Milestone 1 - {The} {Background} {Cosmology}},
	Url = {https://github.com/Lilleborg/AST5220-Cosmology2/blob/master/Numerical_projects/Milestone1/tex/milestone1_jakobbor.pdf},
	Year = {2020},
	Bdsk-Url-1 = {https://github.com/Lilleborg/AST5220-Cosmology2/blob/master/Numerical_projects/Milestone1/tex/milestone1_jakobbor.pdf}}

@book{Dodelson,
	Author = {Scott Dodelson},
	Date-Added = {2020-04-25 17:15:48 +0200},
	Date-Modified = {2020-04-25 17:15:48 +0200},
	Edition = {First},
	Editor = {Jeremy Hayhurst},
	Publisher = {Academic press},
	Title = {Modern {Cosmology}},
	Year = {2003}}

@article{Calin,
	Author = {Petter Callin},
	Date-Added = {2020-04-25 17:15:44 +0200},
	Date-Modified = {2020-04-25 17:15:44 +0200},
	Eprint = {arXiv:astro-ph/0606683},
	Month = {June},
	School = {University of Oslo, Department of Physics},
	Title = {{How to Calculate the CMB Spectrum}},
	Url = {https://arxiv.org/pdf/astro-ph/0606683.pdf},
	Year = {2006},
	Bdsk-Url-1 = {https://arxiv.org/pdf/astro-ph/0606683.pdf}}
